%% This BibTeX bibliography file was created using BibDesk.
%% xhttp://bibdesk.sourceforge.net/

%% Created for Fernando Pedone at 2006-08-18 14:12:55 +0200 

BibTeX | EndNote | ACM Ref

@INPROCEEDINGS{biely2012spaxos, 
author={Biely, M. and Milosevic, Z. and Santos, N. and Schiper, A.}, 
booktitle={SRDS}, 
title={S-Paxos: Offloading the Leader for High Throughput State Machine Replication}, 
year={2012}
}

@conference{kapritzos2012eve,
	Author = {M. Kapritsos AND Y. Wang AND V. Quema AND A. Clement AND L. Alvisi AND M. Dahlin},
	Booktitle = {OSDI},
	Title = {Eve: Execute-Verify Replication for Multi-Core Servers},
	Year = {2012}}

@INPROCEEDINGS{kotla2004htbft, 
author={Kotla, R. and Dahlin, M.}, 
booktitle={DSN}, 
title={High throughput Byzantine fault tolerance}, 
year={2004}, 
pages={575-584}
}

@techreport{santos2011htsmr,
	Author = {N. Santos and A. Schiper},
	Institution = {EPFL},
	Title = {Achieving high-throughput State Machine Replication in multi-core systems},
	Year = {2011}}

@inproceedings{padilha2013augustus,
 author = {Padilha, Ricardo and Pedone, Fernando},
 title = {Augustus: Scalable and Robust Storage for Cloud Applications},
 booktitle = {Eurosys},
 year = {2013}
} 


@inproceedings{kobus2013hybrid,
  title={Hybrid Replication: State-Machine-based and Deferred-Update Replication Schemes Combined},
  author={Kobus, Tadeusz and Kokocinski, Maciej and Wojciechowski, Pawe{\l} T},
  booktitle={ICDCS},
  year={2013}
}

@inproceedings{sciascia2013geo,
 author = {Sciascia, Daniele and Pedone, Fernando},
 title = {Geo-replicated Storage with Scalable Deferred Update Replication},
 booktitle = {DSN},
 year = {2013}
} 

@INPROCEEDINGS{sciascia2012sdur, 
author={Sciascia, D. and Pedone, F. and Junqueira, F.}, 
booktitle={DSN}, 
title={Scalable deferred update replication}, 
year={2012}
}

@INPROCEEDINGS{chun96dur, 
author={Chundi, P. and Rosenkrantz, D.J. and Ravi, S.S.}, 
booktitle={IDCE}, 
title={Deferred updates and data placement in distributed databases}, 
year={1996}
}

@inproceedings{facebookTAO,
  title={Tao: Facebookâ€™s distributed data store for the social graph},
  author={Bronson, Nathan and Amsden, Zach and Cabrera, George and Chakka, Prasad and Dimov, Peter and Ding, Hui and Ferris, Jack and Giardullo, Anthony and Kulkarni, Sachin and Li, Harry and others},
  booktitle={USENIX ATC},
  year={2013}
}

@book{HS2008,
  title={The art of multiprocessor programming},
  author={Herlihy, M. and Shavit, N.},
  year={2008},
  publisher={Morgan Kaufmann}
}

@TechReport{MRPTR2012,
  author={Marandi, P. and Primi, M. and Pedone, F.},
  title = 	 {{M}ulti-{R}ing {P}axos},
  institution =  {University of Lugano},
  year = 	 {2012}
}

@inproceedings{MRPPROC2012,
 author = {Marandi, Parisa and Primi, Marco and Pedone, Fernando},
 title = {Multi-{R}ing {P}axos},
 booktitle = {DSN},
 year = {2012}
} 


@inproceedings{adler2001,
 author = {M. Adler and Z. Ge and J. F. Kurose and D. F. Towsley and S. Zabele},
 title = {Channelization Problem in Large Scale Data Dissemination},
 booktitle = {Proceedings of the Ninth International Conference on Network Protocols},
 year = {2001},
 pages = {100--109}
} 


@inproceedings{Mencius,
 author = {Mao, Yanhua and Junqueira, Flavio P. and Marzullo, Keith},
 title = {Mencius: building efficient replicated state machines for WANs},
 booktitle = {Proceedings of the 8th USENIX conference on Operating systems design and implementation (OSDI)},
 year = {2008},
 location = {San Diego, California},
 pages = {369--384},
 numpages = {16}
} 


@TechReport{ADM+04,
  author = 	 {Y. Amir and C. Danilov and M. Miskin-Amir and J. Schultz and J. Stanton},
  title = 	 {The {S}pread Toolkit: Architecture and Performance},
  note =  {CNDS-2004-1},
  institution = {Johns Hopkins University},
  year = 	 {2004}
}

@inproceedings{DGF00,
  author        = {Delporte-Gallet, C. and Fauconnier, H.},
  title         = {Fault-tolerant genuine atomic multicast to multiple groups},
  booktitle = {Proceedings of the 12th International Conference on Principles of Distributed Systems (OPODIS)},
  year          = 2000,
  pages 	= "107--122"
 }  

@inproceedings{rodrigues1998scalatom, 
author={Rodrigues, L. and Guerraoui, R. and Schiper, A.}, 
title={Scalable atomic multicast}, 
booktitle={International Conference on Computer Communications and Networks},
year={1998}, 
pages={840--847}
}

@inproceedings{fritzke1998amcast,
author={Fritzke, U., Jr. and Ingels, P. and Mostefaoui, A. and Raynal, M.},
 title = {Fault-Tolerant Total Order Multicast to Asynchronous Groups},
 booktitle = {Proceedings of the The 17th IEEE Symposium on Reliable Distributed Systems},
 year = {1998},
 pages={228--234}
} 

@inproceedings{schiper2008inherent,
 author = {Schiper, Nicolas and Pedone, Fernando},
 title = {On the inherent cost of atomic broadcast and multicast in wide area networks},
 booktitle = {International conference on Distributed computing and networking (ICDCN)},
 year = {2008},
 pages = {147--157},
 numpages = {11},
} 

@inproceedings{aguilera2000detmerge,
 author = {Aguilera, Marcos Kawazoe and Strom, Robert E.},
 title = {Efficient atomic broadcast using deterministic merge},
 booktitle = {Proceedings of the nineteenth annual ACM symposium on Principles of distributed computing (PODC)},
 year = {2000},
 location = {Portland, Oregon, United States},
 pages = {209--218},
 numpages = {10},
}

@article{GS01b,
 author = {R. Guerraoui and A. Schiper},
 title = {Genuine atomic multicast in asynchronous distributed systems},
 journal = {Theor. Comput. Sci.},
 volume = {254},
 number = {1-2},
 year = {2001},
 pages = {297--316}
}


@article{BJ87b,
  Author = "Birman, Kenneth P. and Thomas A. Joseph",
  Title = "Reliable Communication in the Presence of Failures",
  journal = "ACM Transactions on Computer Systems (TOCS)",
  month = feb,
  Year = 1987,
  volume = 5,
  number = 1,
  pages = "47--76"
  }

@Article{DUS04,
  author =	"X. D{\'e}fago and A. Schiper and P. Urb{\'a}n",
  journal =	"ACM Computing Surveys,",
  keywords =	"atomic broadcast",
  language =	"English",
  month =	dec,
  number =	"4",
  pages =	"372--421",
  title =	"Total Order Broadcast and Multicast Algorithms:
		 Taxonomy and Survey",
  volume =	"36",
  year = 	"2004",
}

@article{curino2010schism,
 author = {Curino, Carlo and Jones, Evan and Zhang, Yang and Madden, Sam},
 title = {Schism: a workload-driven approach to database replication and partitioning},
 journal = {Proc. VLDB Endow.},
 volume = {3},
 issue = {1-2},
 year = {2010},
 pages = {48--57},
 publisher = {VLDB Endowment}
} 

@Book{Birman94,
  author =	"K.~P. Birman and R. {van Renesse}",
  language =	"English",
  publisher =	"{IEEE} Press",
  title =	"Reliable Distributed Computing with the {I}{SIS}
		 Toolkit",
  year = 	"1994",
}

@INPROCEEDINGS{Marandi11,
author={Marandi, P.J. and Primi, M. and Pedone, F.},
booktitle={International Conference on Dependable Systems and Networks (DSN)}, 
title={High Performance State-Machine Replication},
year={2011},
volume={},
number={},
pages={}
}

@article{Guerraoui2010,
 author = {Guerraoui, Rachid and Levy, Ron R. and Pochon, Bastian and Qu\'{e}ma, Vivien},
 title = {Throughput optimal total order broadcast for cluster environments},
 journal = {ACM Trans. Comput. Syst.},
 volume = {28},
 issue = {2},
 month = {July},
 year = {2010},
 issn = {0734-2071},
 pages = {5:1--5:32},
 articleno = {5},
 publisher = {ACM},
 address = {New York, NY, USA},
}

@TechReport{hpsmr,
  author = 	 {Parisa Jalili Marandi and Marco Primi and Fernando Pedone},
  title = 	 {High Performance State-Machine Replication},
  institution =  {University of Lugano},
  number = 	 {2010/08},
  month = 	 {December},
  year = 	 {2010}
}

@book{WeikumV2002,
  author    = {Gerhard Weikum and
               Gottfried Vossen},
  title     = {Transactional Information Systems: Theory, Algorithms, and
               the Practice of Concurrency Control and Recovery},
  publisher = {Morgan Kaufmann},
  year      = {2002},
  isbn      = {1-55860-508-8}
}

@INPROCEEDINGS{Marandi10,
author={Marandi, P.J. and Primi, M. and Schiper, N. and Pedone, F.},
booktitle={International Conference on Dependable Systems and Networks (DSN)}, 
title={Ring {P}axos: A high-throughput atomic broadcast protocol},
year={2010},
volume={},
number={},
pages={527 -536},
}

@Book{Attiya04,
  author =	"H. Attiya and J. Welch",
  title =	"Distributed Computing: Fundamentals, Simulations, and
		 Advanced Topics",
  publisher =	"Wiley-Interscience",
  year = 	"2004",
  ISBN = 	"0471453242",
}

@TechReport{MSR-TR-2005-33,
  author =	"Leslie Lamport",
  title =	"Generalized Consensus and Paxos",
  institution =  "Microsoft Research (MSR)",
  number =	"MSR-TR-2005-33",
  year = 	"2005",
  month =	mar,
}

@InProceedings{SSP06,
  title =	"Optimistic Algorithms for Partial Database
		 Replication",
  author =	"Nicolas Schiper and Rodrigo Schmidt and Fernando
		 Pedone",
  booktitle =	"Principles of Distributed Systems, 10th International
		 Conference {OPODIS}",
  publisher =	"Springer",
  year = 	"2006",
  volume =	"4305",
  pages =	"81--93"
}

@InProceedings{YoshiharaKY08,
  title =	"A concurrency control protocol for parallel {B}-tree
		 structures without latch-coupling for explosively
		 growing digital content",
  author =	"Tomohiro Yoshihara and Dai Kobayashi and Haruo
		 Yokota",
  booktitle =	"EDBT",
  booktitle =	"{EDBT} 2008, 11th International Conference on
		 Extending Database Technology, Nantes, France, March
		 25-29, 2008, Proceedings",
  publisher =	"ACM",
  year = 	"2008",
  volume =	"261",
  editor =	"Alfons Kemper and Patrick Valduriez and Noureddine
		 Mouaddib and Jens Teubner and Mokrane Bouzeghoub and
		 Volker Markl and Laurent Amsaleg and Ioana Manolescu",
  pages =	"133--144",
}

@InProceedings{Coulon05,
  author =	"Cedric Coulon and Esther Pacitti and Patrick
		 Valduriez",
  title =	"Consistency Management for Partial Replication in a
		 High Performance Database Cluster",
  booktitle =	"Proceedings of the 11th International Conference on
		 Parallel and Distributed Systems (11th ICPADS'05)",
  volume =	"1",
  pages =	"809--815",
  month =	jul,
  year = 	"2005",
}

@InProceedings{SousaOMP01,
  title =	"Partial Replication in the Database State Machine",
  author =	"Ant{\'o}nio de Sousa and Rui Carlos Oliveira and Francisco Moura and Fernando Pedone",
  publisher =	"IEEE Computer Society",
  year = 	"2001",
  bibdate =	"2005-02-02",
  booktitle =	"NCA",
  pages =	"298--309",
}

@InProceedings{SSP10,
  title =	"P-Store: Genuine Partial Replication in Wide Area Networks",
  author =	"N. Schiper and P. Sutra and F. Pedone",
  year = 	"2010",
  booktitle =	"Symposium on Reliable Distributed Systems (SRDS)",
}

@InProceedings{SPJK08,
  title =	"An Autonomic Approach for Replication of
		 Internet-based Services",
  author =	"Dami{\'a}n Serrano and Marta Pati{\~n}o-Mart{\'i}nez
		 and Ricardo Jim{\'e}nez-Peris and Bettina Kemme",
  Booktitle = {Symposium on Reliable Distributed Systems (SRDS'2008)},
  publisher =	"IEEE",
  year = 	"2008",
  bibdate =	"2009-03-24",
  pages =	"127--136",
}

@InProceedings{SPJK07,
  title =	"Boosting Database Replication Scalability through
		 Partial Replication and 1-Copy-Snapshot-Isolation",
  author =	"Dami{\'a}n Serrano and Marta Pati{\~n}o-Mart{\'i}nez
		 and Ricardo Jim{\'e}nez-Peris and Bettina Kemme",
  publisher =	"IEEE Computer Society",
  year = 	"2007",
  bibdate =	"2009-03-24",
  booktitle =	"PRDC",
  pages =	"290--297",
}

@inproceedings{FI01,
 author = {U. Fritzke and P. Ingels},
 title = {Transactions on Partially Replicated Data based on Reliable and Atomic Multicasts},
 booktitle = {Proceedings of the The 21st International Conference on Distributed Computing Systems},
 year = {2001},
 pages = {284--}
} 

@Article{AguileraGS08,
  title =	"A practical scalable distributed {B}-tree",
  author =	"Marcos Kawazoe Aguilera and Wojciech M. Golab and
		 Mehul A. Shah",
  journal =	"PVLDB",
  year = 	"2008",
  number =	"1",
  volume =	"1",
  pages =	"598--609",
}

@article{LinKJPA09,
  author    = {Yi Lin and
               Bettina Kemme and
               Ricardo Jim{\'e}nez-Peris and
               Marta Pati{\~n}o-Mart\'{\i}nez and
               Jos{\'e} Enrique Armend{\'a}riz-I{\~n}igo},
  title     = {Snapshot isolation and integrity constraints in replicated
               databases},
  journal   = {ACM Trans. Database Syst.},
  volume    = {34},
  number    = {2},
  year      = {2009}
}

@PhdThesis{Nic09,
  author = 	 {Schiper, Nicolas},
  title = 	 {On Multicast Primitives in Large Networks and Partial Replication Protocols},
  school = 	 {University of Lugano},
  year = 	 {2009}
}

@article{DLS88,
 author = {Dwork, Cynthia and Lynch, Nancy and Stockmeyer, Larry},
 title = {Consensus in the presence of partial synchrony},
 journal = {Journal of the ACM},
 volume = {35},
 number = {2},
 year = {1988},
 issn = {0004-5411},
 pages = {288--323},
 doi = {http://doi.acm.org/10.1145/42282.42283},
 publisher = {ACM},
 address = {New York, NY, USA},
 }

@inproceedings{Kotla:2007,
 author = {Kotla, Ramakrishna and Alvisi, Lorenzo and Dahlin, Mike and Clement, Allen and Wong, Edmund},
 title = {Zyzzyva: speculative byzantine fault tolerance},
 booktitle = {Proceedings of twenty-first ACM SIGOPS symposium on Operating systems principles},
 series = {SOSP '07},
 year = {2007},
 location = {Stevenson, Washington, USA},
 pages = {45--58},
 publisher = {ACM},
 address = {New York, NY, USA},
} 

@inproceedings{JPPM02,
 author = {Jim\'{e}nez-Peris, R. and Pati\~{n}o-Mart\'{\i}nez, M. and Kemme, B. and Alonso, G.},
 title = {Improving the Scalability of Fault-Tolerant Database Clusters},
 booktitle = {Proceedings of the 22 nd International Conference on Distributed Computing Systems (ICDCS'02)},
 year = {2002}
} 

@Misc{Libpaxos,
  key = 	 {Libpaxos},
  note = 	 {{h}ttp://libpaxos.sourceforge.net}
}

@Misc{rpaxos,
  key = 	 {rpaxos},
  note = 	 {http://libpaxos.sourceforge.net/ringpaxos}
}

@article{DSU04,
  author    = {Xavier D{\'e}fago and
               Andr{\'e} Schiper and
               P{\'e}ter Urb{\'a}n},
  title     = {Total order broadcast and multicast algorithms: Taxonomy
               and survey},
  journal   = {ACM Comput. Surv.},
  volume    = {36},
  number    = {4},
  year      = {2004},
  pages     = {372-421},
}

@inproceedings{ESU04,
  author    = {R. Ekwall and
               A. Schiper and
               P. Urb{\'a}n},
  title     = {Token-based Atomic Broadcast using Unreliable Failure Detectors},
  booktitle = {Proceedings of the International Symposium on Reliable Distributed Systems (SRDS)},
  year      = {2004},
  pages     = {52-65}
}

@article{amir1995totem,
	Author = {Amir, Y. and Moser, LE and Melliar-Smith, PM and Agarwal,  
DA and Ciarfella, P.},
	Journal = tocs,
	Number = {4},
	Pages = {311--342},
	Title = {The {T}otem Single-Ring Membership Protocol},
	Volume = {13},
	Year = {1995}
}

@article{BSS91,
	AUTHOR = {Birman, K. P. and Schiper, A. and Stephenson, P.},
	TITLE = {Lightweight Causal and Atomic Group Multicast},
	Journal = tocs,
	YEAR = {1991},
        Month = aug,
        Volume = 9,
	NUMBER = 3,
	pages = "272--314"
}

@article{CT96,
  Author = "T. D. Chandra and S. Toueg",
  Title = "Unreliable Failure Detectors for Reliable Distributed Systems",
  Journal = jacm,
  Year = 1996,
  volume = 43,
  number = 2,
  pages = "225--267"
}

@inproceedings{FIMR98,
  year =        {1998},
  confaddress =     {West Lafayette, Indiana},
  pages =       {578-585},
  title =       {Fault-tolerant total order multicast to asynchronous groups},
  author =      {U. Fritzke and Ph. Ingels and A. Most\'efaoui and M. Raynal},
  booktitle =   {Proceedings of International Symposium on Reliable Distributed Systems (SRDS)}
}


@ARTICLE{Lam78b,
	AUTHOR = {L. Lamport},
	TITLE = {The Implementation of Reliable Distributed Multiprocess
		Systems},
	JOURNAL = {Computer Networks},
	YEAR = {1978},
	VOLUME = {2},
	PAGES = {95--114}
}

@article{Lam98,
  Author = "L. Lamport",
  Title = "The part-time parliament",
  Journal = "ACM Transactions on Computer Systems",
  Volume = " 16 ",
  Number = 2,
  Pages = "133-169",
  year = 1998,
month= may,
}


@inproceedings{CGR07,
 author = {Chandra, T.D. and Griesemer, R. and Redstone, J.},
 title = {Paxos made live: {A}n engineering perspective},
 booktitle = {Proceedings of the twenty-sixth annual ACM symposium on principles of distributed computing (PODC)},
 year = {2007},
 isbn = {978-1-59593-616-5},
 pages = {398--407},
 location = {Portland, Oregon, USA}
 }


@inproceedings{KA08,
 author = {Kirsch, J. and Amir, Y.},
 title = {Paxos for System Builders: {A}n overview},
 booktitle = {Proceedings of the 2nd Workshop on Large-Scale Distributed Systems and Middleware (LADIS)},
 year = {2008},
 isbn = {978-1-60558-296-2},
 pages = {1--6},
 location = {Yorktown Heights, New York}
 }

@inproceedings{KT91,
	Address = {Washington, USA},
	Author = {M. F. Kaashoek and A. S. Tanenbaum},
	Booktitle = {11th International Conference on Distributed Computing Systems (ICDCS)},
	Pages = {222--230},
	Title = {Group Communication in the {A}moeba Distributed Operating System},
	Year = {1991}}


@inproceedings{Ng91,
  author    = {T.P. Ng},
  title     = {Ordered Broadcasts for Large Applications},
  booktitle = {Symposium on Reliable Distributed Systems (SRDS)},
  year      = {1991},
  pages     = {188-197},
}


@PhDthesis{Le08,
  Author = "Levy, R.",
  Title = "The complexity of reliable distributed storage",
  School = "EPFL",
  Year = 2008
}

@article{CM84,
  author    = {J.-M. Chang and
               N.F. Maxemchuk},
  title     = {Reliable Broadcast Protocols},
  journal   = {ACM Trans. Comput. Syst.},
  volume    = {2},
  number    = {3},
  year      = {1984},
  pages     = {251-273},
  bibsource = {DBLP, http://dblp.uni-trier.de}
}


@inproceedings{CM95,
author = {F. Cristian and S. Mishra},
title = {The {P}inwheel asynchronous atomic broadcast protocols},
booktitle ={International Symposium on Autonomous Decentralized Systems (ISADS)},
year = {1995},
address = {Phoenix, Arizona, USA},
}

@article{KK97,
  author    = {J. Kim and
               C. Kim},
  title     = {A total ordering protocol using a dynamic token-passing
               scheme},
  journal   = {Distributed Systems Engineering},
  volume    = {4},
  number    = {2},
  year      = {1997},
  pages     = {87-95},
}

@PhdThesis{Ekw07,
  author = 	 {N. R. Ekwall},
  title = 	 {Atomic Broadcast: A Fault-Tolerant Token-Based Algorithms and Performance Evaluations},
  school = 	 {EPFL},
  year = 	 {2007},
}

@inproceedings{LM04,
  author    = {Leslie Lamport and Mike Massa},
  title     = {Cheap {P}axos},
  booktitle = {International Conference on Dependable Systems and
               Networks (DSN)},
  year      = {2004},
  pages     = {307-314}
}

@Manual{mysqlm,
  title = 	 {MySQL 5.0 Reference Manual},
  note = 	 {http://dev.mysql.com/doc/refman/5.0/en/index.html},
}

@article{1057494,
author = {Yao, D. and Shahabi, Cyrus and Larson, Per-\&\#x00c5;ke},
title = {Hash-based labeling techniques for storage scaling},
journal = {The VLDB Journal},
volume = {14},
number = {2},
year = {2005},
issn = {1066-8888},
pages = {222--237},
doi = {http://dx.doi.org/10.1007/s00778-004-0124-6},
publisher = {Springer-Verlag New York, Inc.},
address = {Secaucus, NJ, USA},
}

@article{335416,
author = {Lee, Mong Li and Kitsuregawa, Masaru and Ooi, Beng Chin and 
Tan, Kian-Lee and Mondal, Anirban},
title = {Towards self-tuning data placement in parallel database systems},
journal = {SIGMOD Rec.},
volume = {29},
number = {2},
year = {2000},
issn = {0163-5808},
pages = {225--236},
doi = {http://doi.acm.org/10.1145/335191.335416},
publisher = {ACM},
address = {New York, NY, USA},
}

@inproceedings{LC97,
 author = {Lowell, David E. and Chen, Peter M.},
 title = {Free transactions with Rio Vista},
 booktitle = {SOSP '97: Proceedings of the sixteenth ACM symposium on Operating systems principles},
 year = {1997},
 isbn = {0-89791-916-5},
 pages = {92--101}
}

@inproceedings{ACZ00,
 author = {Amza, Cristiana and Cox, Alan L. and Zwaenepoel, Willy},
 title = {Data Replication Strategies for Fault Tolerance and Availability on Commodity Clusters},
 booktitle = {DSN '00: Proceedings of the 2000 International Conference on Dependable Systems and Networks (formerly FTCS-30 and DCCA-8)},
 year = {2000},
 isbn = {0-7695-0707-7},
 pages = {459},
 publisher = {IEEE Computer Society},
 address = {Washington, DC, USA},
 }

@inproceedings{DP08,
 author = {Filho, Nelson Duarte and Pedone, Fernando},
 title = {dsmDB: a distributed shared memory approach for building replicated database systems},
 booktitle = {SDDDM '08: Proceedings of the 2nd workshop on Dependable distributed data management},
 year = {2008},
 isbn = {978-1-60558-121-7},
 pages = {11--14},
 location = {Glasgow, Scotland},
}

@article{CB03,
author = {Sashikanth Chandrasekaran and Roger Bamford},
title = {Shared Cache - The Future of Parallel Databases},
journal ={Data Engineering, International Conference on},
volume = {0},
year = {2003},
issn = {1063-6382},
pages = {840},
}

@Misc{voldemort,
  key = 	 {voldemort},
  note = 	 {http://project-voldemort.com/},
}

@Misc{memcached,
  key = 	 {memcached},
  note = 	 {http://memcachedb.org/},
}

@Misc{tpcb,
  key = 	 {tpcb},
  note = 	 {http://www.tpc.org/tpcb/default.asp}
}

@Misc{TokioCabinet,
  key = 	 {TokioCabinet},
  note = 	 {http://1978th.net/tokyocabinet/},
}

@inproceedings{sinfonia,
 author = {Aguilera, Marcos K. and Merchant, Arif and Shah, Mehul and Veitch, Alistair and Karamanolis, Christos},
 title = {Sinfonia: a new paradigm for building scalable distributed systems},
 booktitle = {SOSP '07: Proceedings of twenty-first ACM SIGOPS symposium on Operating systems principles},
 year = {2007},
 isbn = {978-1-59593-591-5},
 pages = {159--174}
}

@article{dynamo,
 author = {DeCandia, Giuseppe and Hastorun, Deniz and Jampani, Madan and Kakulapati, Gunavardhan and Lakshman, Avinash and Pilchin, Alex and Sivasubramanian, Swaminathan and Vosshall, Peter and Vogels, Werner},
 title = {Dynamo: amazon's highly available key-value store},
 journal = {SIGOPS Oper. Syst. Rev.},
 volume = {41},
 number = {6},
 year = {2007},
 issn = {0163-5980},
 pages = {205--220}
 }

@article{hstore,
 author = {Kallman, Robert and Kimura, Hideaki and Natkins, Jonathan and Pavlo, Andrew and Rasin, Alexander and Zdonik, Stanley and Jones, Evan P. C. and Madden, Samuel and Stonebraker, Michael and Zhang, Yang and Hugg, John and Abadi, Daniel J.},
 title = {H-store: a high-performance, distributed main memory transaction processing system},
 journal = {Proc. VLDB Endow.},
 volume = {1},
 number = {2},
 year = {2008},
 issn = {2150-8097},
 pages = {1496--1499},
 doi = {http://doi.acm.org/10.1145/1454159.1454211},
 publisher = {VLDB Endowment},
}

@inproceedings{HSH07,
    author = {Hellerstein, Joseph M. and Stonebraker, Michael and Hamilton, James},
    booktitle = {Foundations and Trends in Databases},
    number = {2},
    title = {Architecture of a Database System},
    volume = {1},
    year = {2007}
}

@article{NL91,
	Author = {B. Nitzberg and V. Lo},
	Journal = {IEEE Computer},
	Month = {August},
	Number = {8},
	Pages = {52--60},
	Title = {Distributed Shared Memory: A Survey of Issues and Algorithms},
	Volume = {24},
	Year = {1991}}

@InProceedings{LFWZ09,
  title =	"Unbundling Transaction Services in the Cloud",
  author =	"D. B. Lomet and A. Fekete and G. Weikum and M. J. Zwilling",
  publisher =	"www.crdrdb.org",
  year = 	"2009",
  booktitle =	"CIDR",
}

@article{Sel08,
 author = {M. Seltzer},
 title = {Beyond relational databases},
 journal = {Commun. ACM},
 volume = {51},
 number = {7},
 year = {2008},
 issn = {0001-0782},
 pages = {52--58},
 publisher = {ACM},
 address = {New York, NY, USA},
 }

@inproceedings{Stonebraker07,
 author = {M. Stonebraker and S. Madden and D. J. Abadi and S. Harizopoulos and N. Hachem and P. Helland},
 title = {The end of an architectural era: (it's time for a complete rewrite)},
 booktitle = {VLDB '07: Proceedings of the 33rd international conference on Very large data bases},
 year = {2007},
 pages = {1150--1160},
 location = {Vienna, Austria},
 publisher = {VLDB Endowment},
 }

@Article{ABGS87,
  title =	"Distributed Optimistic Concurrency Control with Reduced Rollback",
  author =	"D. Agrawal and A. J. Bernstein and P. Gupta and S. Sengupta",
  journal =	"Distributed Computing",
  pages =	"45--59",
  year = 	"1987",
  volume =	"2",
  number =	"1"
}

@inproceedings{KLL+97,
 author = {Karger, David and Lehman, Eric and Leighton, Tom and Panigrahy, Rina and Levine, Matthew and Lewin, Daniel},
 title = {Consistent hashing and random trees: distributed caching protocols for relieving hot spots on the World Wide Web},
 booktitle = {STOC '97: Proceedings of the twenty-ninth annual ACM symposium on Theory of computing},
 year = {1997},
 isbn = {0-89791-888-6},
 pages = {654--663},
 location = {El Paso, Texas, United States},
 publisher = {ACM},
 address = {New York, NY, USA},
 }

@Article{MW97,
  title =	"Data Placement in Shared-Nothing Parallel Database
		 Systems",
  author =	"M. Mehta and D. J. DeWitt",
  journal =	"The VLDB Journal",
  pages =	"53--72",
  month =	jan,
  year = 	"1997",
  volume =	"6",
  number =	"1"
}

@article{Kos00,
 author = {D. Kossmann},
 title = {The state of the art in distributed query processing},
 journal = {ACM Comput. Surv.},
 volume = {32},
 number = {4},
 year = {2000},
 pages = {422--469}
}

@Book{YM98,
  author =	"C. Yu and W. Meng",
  title =	"Principles of Database Query Processing for Advanced
		 Applications",
  publisher =	"Morgan Kaufmann",
  address =	"San Francisco",
  year = 	"1998"
}

@article{GL05,
 author = {J. Gray and L. Lamport},
 title = {Consensus on transaction commit},
 journal = {ACM Trans. Database Syst.},
 volume = {31},
 number = {1},
 year = {2006},
 pages = {133--160}
}

@book{OV99,
	Author = {M. T. Ozsu and P. Valduriez},
	Publisher = {Prentice Hall},
	Title = {Principles of Distributed Database Systems},
	Year = {1999}}

@article{ABF+92,
	Author = {P. M. G. Apers and C. A. van den Berg and J. Flokstra and P. W. P. J. Grefen and M. L. Kersten and A. N. Wilschut},
	Journal = {IEEE Transactions on Knowledge and Data Engineering},
	Number = {6},
	Pages = {541--554},
	Title = {PRISMA/DB: A Parallel, Main Memory Relational DBMS},
	Volume = {4},
	Year = {1992}}

@article{DWG92,
	Author = {D. DeWitt and J. Gray},
	Journal = {Commun. ACM},
	Number = {6},
	Pages = {85--98},
	Title = {Parallel database systems: the future of high performance database systems},
	Volume = {35},
	Year = {1992}}

@techreport{SprintTR,
	Author = {M. Wieloch and L. Camargos and F. Pedone},
	Institution = {University of Lugano},
	Note = {Available at http://www.inf.unisi.ch/projects/sprint/},
	Title = {High-Performance Transaction Processing in Sprint},
	Year = {2006}}

@inproceedings{EDP06,
	Author = {S. Elnikety and S. Dropsho and F. Pedone},
	Booktitle = {Proceedings of EuroSys},
	Title = {Tashkent: Uniting Durability with Transaction Ordering for High-Performance Scalable Database Replication},
	Year = {2006}}

@article{FG01,
	Author = {S. Fr{\o}lund and R. Guerraoui},
	Journal = {IEEE Transactions on Parallel and Distributed Systems},
	Number = {2},
	Pages = {133--146},
	Title = {Implementing E-Transactions with Asynchronous Replication},
	Volume = {12},
	Year = {2001}}

@inproceedings{WK05,
	Author = {S. Wu and B. Kemme},
	Booktitle = {Proceedings of the International Conference of Data Engineering},
	Title = {Postgres-R(SI): Combining replica control with concurrency control based on isolation},
	Year = {2005}}

@inproceedings{PA04,
	Author = {C. Plattner and G. Alonso},
	Booktitle = {Proceedings of the 5th ACM/IFIP/USENIX international conference on Middleware},
	Pages = {155--174},
	Title = {Ganymed: scalable replication for transactional web applications},
	Year = {2004}}

@inproceedings{SWWW00,
	Author = {R. Schenkel and G. Weikum and N. Weissenberg and X. Wu},
	Booktitle = {Selected papers from the Eight International Workshop on Foundations of Models and Languages for Data and Objects, Transactions and Database Dynamics},
	Pages = {1--25},
	Title = {Federated Transaction Management with Snapshot Isolation},
	Year = {2000}}

@inproceedings{PSTTD97,
	Author = {K. Petersen and M. J. Spreitzer and D. B. Terry and M. M. Theimer and A. J. Demers},
	Booktitle = {Proceedings of the sixteenth ACM symposium on Operating systems principles (SOSP)},
	Location = {Saint Malo, France},
	Pages = {288--301},
	Title = {Flexible update propagation for weakly consistent replication},
	Year = {1997}}

@article{SKKM02,
	Author = {Y. Saito and C. Karamanolis and M. Karlsson and M. Mahalingam},
	Journal = {SIGOPS Oper. Syst. Rev.},
	Number = {SI},
	Pages = {15--30},
	Title = {Taming aggressive replication in the Pangaea wide-area file system},
	Volume = {36},
	Year = {2002}}

@inproceedings{KS91,
	Author = {J. J. Kistler and M. Satyanarayanan},
	Booktitle = {Proceedings of the thirteenth ACM symposium on Operating systems principles (SOSP)},
	Pages = {213--225},
	Title = {Disconnected operation in the Coda file system},
	Year = {1991}}

@inproceedings{WPEKT83,
	Author = {B. Walker and G. Popek and R. English and C. Kline and G. Thiel},
	Booktitle = {Proceedings of the ninth ACM symposium on Operating systems principles (SOSP)},
	Pages = {49--70},
	Title = {The LOCUS distributed operating system},
	Year = {1983}}

@inproceedings{vRS04,
	Author = {R. van Renesse and F. B. Schneider},
	Booktitle = {OSDI},
	Pages = {91-104},
	Title = {Chain Replication for Supporting High Throughput and Availability.},
	Year = {2004}}

@inproceedings{cecchet04,
	Author = {E. Cecchet and J. Marguerite and W. Zwaenepoel},
	Booktitle = {Proc. of USENIX Annual Technical Conference, Freenix track},
	Title = {C-{JDBC}: Flexible Database Clustering Middleware},
	Year = {2004}}

@inproceedings{PF01,
	Author = {F. Pedone and S. Frolund},
	Booktitle = {Proc. of the 19th IEEE Symposium on Reliable Distributed Systems},
	Title = {Pronto: A Fast Failover Protocol for Off-the-Shelf Commercial Databases},
	Year = {2000}}

@inproceedings{GGL03,
	Author = {S. Ghemawat and H. Gobioff and S.-T. Leung},
	Booktitle = {SOSP '03: Proceedings of the nineteenth ACM symposium on Operating systems principles},
	Pages = {29--43},
	Title = {The Google file system},
	Year = {2003}}

@article{JPPM+03,
	Author = {R. Jimenez-Peris and M. Patino-Martinez and G. Alonso and B. Kemme},
	Journal = {ACM Transactions on Database Systems},
	Number = {3},
	Pages = {257--294},
	Title = {Are quorums an alternative for data replication?},
	Volume = {28},
	Year = {2003}}

@inproceedings{ACZ03,
	Address = {Rio de Janeiro, Brazil},
	Author = {C. Amza and A.L. Cox and W. Zwaenepoel},
	Booktitle = {Proceedings of Middleware'03},
	Pages = {282--304},
	Title = {Distributed Versioning: Consistent Replication for Scaling Back-end Databases of Dynamic Content Web Sites},
	Year = {2003}}

@article{PMJP+05,
	Author = {M. Patino-Martinez and R. Jimenez-Peris and B. Kemme and G. Alonso},
	Journal = {ACM Transactions on Computer Systems},
	Title = {Consistent Database Replication at the Middleware Level},
	Volume = {23},
	Number = {4},
	Pages = {375--423},
	Year = {2005}}

@inproceedings{SP05,
	Address = {Orlando, USA},
	Author = {R. Schmidt and F. Pedone},
	Booktitle = {Symposium on Reliable Distributed Systems (SRDS'2005)},
	Title = {Consistent Main-Memory Database Federations under Deferred Disk Writes},
	Year = {2005}}

@inproceedings{EPZ05,
	Address = {Orlando, USA},
	Author = {S. Elnikety and F. Pedone and W. Zwaenepoel},
	Booktitle = {Symposium on Reliable Distributed Systems (SRDS'2005)},
	Title = {Database Replication Using Generalized Snapshot Isolation},
	Year = {2005}}

@inproceedings{CMZ04,
	Author = {E. Cecchet and J. Marguerite and W. Zwaenepoel},
	Booktitle = {USENIX Annual Technical Conference, FREENIX Track},
	Title = {C-JDBC: Flexible Database Clustering Middleware},
	Year = {2004}}

@inproceedings{LKPM+05,
	Address = {Baltimore, Maryland, USA},
	Author = {Y. Lin and B. Kemme and M. Patino-Martinez and R. Jimenez-Peris},
	Booktitle = {International Conference on Management of Data (SIGMOD)},
	Title = {Middleware based Data Replication providing Snapshot Isolation},
	Year = {2005}}

@unpublished{Lam04,
	Author = {L. Lamport},
	Note = {Private communication},
	Title = {Lower bounds on consensus algorithms},
	Year = {2004}}

@misc{Pol,
	Howpublished = {http://www.polyhedra.com}}

@misc{Arc,
	Author = {http://archys.com}}

@misc{mysql,
	Author = {M. Ronstr\"{o}m and L. Thalmann},
	Howpublished = {MySQL Technical White Paper},
	Title = {Mysql cluster architecture overview},
	Year = {2004}}

@misc{FirstSQL,
	Author = {{FirstSQL Inc.}},
	Howpublished = {http://www.firstsql.com},
	Title = {The {FirstSQL/J} In-memory Database System}}

@misc{tpcc,
	Author = {Transaction Processing Performance Council},
	Howpublished = {http://www.tpc.org/}}

@inproceedings{PSUC02,
	Address = {Toulouse, France},
	Author = {F. Pedone and A. Schiper and P. Urban and D. Cavin},
	Booktitle = {4th European Dependable Computing Conference (EDCC-4)},
	Title = {Solving Agreement Problems with Weak Ordering Oracles},
	Year = {2002}}

@book{Pfi98,
	Author = {G. F. Pfister},
	Publisher = {Prentice Hall},
	Title = {In search of clusters},
	Year = {1998}}

@incollection{SS99,
	Author = {D. F. Savarese and T. Sterling},
	Booktitle = {High Performance Cluster Computing},
	Note = {Chap. 26},
	Pages = {625--645},
	Publisher = {Prentice Hall PTR},
	Title = {Beowulf},
	Volume = {1, Architectures and Systems},
	Year = {1999}}

@inproceedings{PF00b,
	Address = {N{\"{u}}rnberg, Germany},
	Author = {F. Pedone and S. Fr{\o}lund},
	Booktitle = {Proceedings of ${19}^{th}$ {IEEE} Symposium on Reliable Distributed Systems (SRDS'2000)},
	Title = {{P}ronto: {A} fast Failover Protocol for Off-the-shelf Commercial Databases},
	Year = {2000}}

@article{Mor00,
	Author = {D. Morse},
	Journal = {Dedicated Systems Magazine},
	Number = {4},
	Pages = {12--14},
	Title = {In-Memory Database Web Server},
	Year = {2000}}

@misc{Spr02,
	Author = {T. Spring},
	Howpublished = {CNN.com},
	Note = {http://www.cnn.com/2002/TECH/ {internet}/02/01/interview.eric.schmidt.idg/index.html},
	Title = {Three minutes with {G}oogle's {E}ric {S}chmidt},
	Year = {2002}}

@misc{She,
	Author = {T. Shetler},
	Howpublished = {http://www.timesten.com/library/},
	Title = {In-Memory Databases: The Catalyst Behind Real-Time Trading Systems}}

@article{AT89,
	Author = {A. El Abbadi and S. Toueg},
	Journal = {ACM Transactions on Database Systems},
	Number = {2},
	Pages = {264--290},
	Title = {Maintaining Availability in Partitioned Replicated Databases},
	Volume = {14},
	Year = {1989}}

@inproceedings{KA00a,
	Address = {Cairo, Egypt},
	Author = {B. Kemme and G. Alonso},
	Booktitle = {Proceedings of 26th International Conference on Very Large Data Bases (VLDB'2000)},
	Title = {Don't Be Lazy, Be Consistent: Postgres-R, A New Way to Implement Database Replication},
	Year = {2000}}

@article{KA00b,
	Author = {B. Kemme and G. Alonso},
	Journal = {ACM Transactions on Database Systems (TODS)},
	Month = {September},
	Number = {3},
	Title = {A New Approach ro Developing and Implementing Eager Database Replication Protocols},
	Volume = {25},
	Year = {2000}}

@inproceedings{WPS+00,
	Address = {Taipei, Taiwan},
	Author = {M. Wiesmann and F. Pedone and A. Schiper and B. Kemme and G. Alonso},
	Booktitle = {Proceedings of 20th International Conference on Distributed Computing Systems (ICDCS'2000)},
	Pages = {264--274},
	Title = {Understanding replication in databases and distributed systems},
	Year = {2000}}

@inproceedings{AT02,
	Author = {Y. Amir and C. Tutu},
	Booktitle = {International Conference on Distributed Computing Systems (ICDCS)},
	Month = {July},
	Title = {From Total Order to Database Replication},
	Year = {2002}}

@inproceedings{PJKA00,
	Author = {M. Patino-Mart\'{i}nez and R. Jim\'{e}nez-Peris and B. Kemme and G. Alonso},
	Booktitle = {Disctributed Computing (DISC)},
	Title = {Scalable Replication in Database Clusters},
	Year = {2000}}

@inproceedings{RMAMV02,
	Author = {L. Rodrigues and H. Miranda and R. Almeida and J. Martins and P Vicente},
	Booktitle = {Workshop on Dependable Middleware-Based Systems},
	Title = {Strong Replication in the {\sc GlobData} Middleware},
	Year = {2002}}

@article{J02,
	Author = {M. Ji},
	Journal = {ACM Transactions on Internet Technology (TOIT)},
	Number = {4},
	Pages = {307--339},
	Title = {Affinity-based management of main memory database clusters},
	Volume = {2},
	Year = {2002}}

@article{AA90,
	Address = {Brisbane, Australia},
	Author = {D. Agrawal and A. El Abbadi},
	Journal = {16th Int. Conference on Very Large Databases},
	Pages = {243--254},
	Title = {The Tree Quorum Protocol: an Efficient Approach for Managing Replicated Data},
	Year = {1990}}

@article{Mae85,
	Author = {M. Maekawa},
	Journal = {ACM Transactions on Computer Systems},
	Number = {2},
	Pages = {145--159},
	Title = {A {$\sqrt{N}$} Algorithm for Mutual Exclusion in Decentralized Systems},
	Volume = {3},
	Year = {1985}}

@book{Weygant,
	Author = {P. S. Weygant},
	Publisher = {Prentice-Hall, Hewlett-Packard Professional Books.},
	Title = {Clusters for High-Availability: A Primer of HP-UX Solutions},
	Year = {1996}}

@inproceedings{HAA99,
	Author = {J. Holliday and D. Agrawal and A. El Abbadi},
	Booktitle = {Proceedings of International Symposium on Fault Tolerant Computing ({FTCS}29)},
	Language = {English},
	Organization = {{IEEE} Computer Society},
	Pages = {158--165},
	Title = {The Performance of Database Replication with Group Multicast},
	Year = {1999}}

@inproceedings{DWKO+84,
	Author = {D. DeWitt and R. H. Katz and F. Olken and L. D. Shapiro and M. Stonebraker and D. A. Wood},
	Booktitle = {SIGMOD'84, Proceedings of Annual Meeting, Boston, Massachusetts, June 18-21, 1984},
	Pages = {1-8},
	Publisher = {ACM Press},
	Title = {Implementation Techniques for Main Memory Database Systems},
	Year = {1984}}

@misc{OPS,
	Key = {OPS},
	Note = {Online White Paper},
	Organization = {Oracle Corporation},
	Title = {Oracle Parallel Server for Windows {NT} Clusters}}

@misc{XPS,
	Key = {XPS},
	Note = {Online White-Paper},
	Organization = {Informix},
	Title = {Informix Extended Parallel Server 8.3}}

@article{Lam01,
	Author = {L. Lamport},
	Journal = {SIGACTN: SIGACT News (ACM Special Interest Group on Automata and Computability Theory)},
	Title = {Paxos Made Simple},
	Volume = {32},
	Year = {2001}}

@techreport{ZCL99,
	Author = {Y. Zhou and P. Chen and K. Li},
	Institution = {Princeton University},
	Number = {TR-591-99},
	Pages = {22},
	Title = {Fast Cluster Failover Using Virtual Memory-Mapped Communication},
	Year = {1999}}

@techreport{Lam89,
	Author = {L. Lamport},
	Institution = {Digital Equipment Corporation, Systems Research Centre},
	Month = {1},
	Number = {49},
	Pages = {43 pages.},
	Title = {The Part-Time Parliament.},
	Year = {1989}}

@techreport{PDG02b,
	Author = {F. Pedone and N. L. Duarte and M. Goulart},
	Institution = {\'Ecole Polytechnique F\'ed\'erale de Lausanne},
	Number = {TR-200253},
	Title = {Probabilistic Queries in Large-Scale Networks},
	Year = {2002}}

@article{PDG02,
	Author = {F. Pedone and N. L. Duarte and M. Goulart},
	Journal = {Lecture Notes in Computer Science},
	Pages = {209--226},
	Title = {Probabilistic Queries in Large-Scale Networks},
	Volume = {2485},
	Year = {2002}}

@misc{ODP,
	Author = {Open Directory Project},
	Note = {http://dmoz.org}}

@article{TRSS+90,
	Author = {A. S. Tanenbaum and R. van Renesse and H. van Staveren and G. J. Sharp and S.J. Mullender and J. Jansen and G. van. Rossum},
	Journal = {Communications of the ACM},
	Number = {12},
	Title = {Experiences with the Amoeba distributed operating system},
	Volume = {33},
	Year = {1990}}

@inproceedings{Mat89,
	Author = {F. Mattern},
	Booktitle = {Proceedings of the International Workshop on Parallel and Distributed Algorithms},
	Editor = {M. Cosnard et al.},
	Publisher = {Elsevier Science Publishers},
	Title = {Virtual time and global states of distributed systems},
	Year = {1989}}

@techreport{ALPH01,
	Author = {L. A. Adamic and R. M. Lukose and A. R. Puniyani and B. A. Huberman},
	Institution = {Hewlett-Packard Laboratories},
	Title = {Search in power-law networks},
	Year = {2001}}

@inproceedings{ZZJK+01,
	Author = {S. Q. Zhuang and B. Y. Zhao and A. D. Joseph and R. H. Katz and J. D. Kubiatowicz},
	Booktitle = {International Workshop on Network and Operating System Support for Digital Audio and Video},
	Title = {Bayeux: an architecture for scalable and fault-tolerant wide-area data dissemination},
	Year = {2001}}

@article{KBEC00,
	Author = {J. Kubiatowicz and D. Bindel and P. Eaton and Y. Chen and D. Geels and R. Gummadi and S. Rhea and W. Weimer and C. Wells and H. Weatherspoon and B. Zhao},
	Journal = {ACM SIG{\-}PLAN Notices},
	Number = {11},
	Pages = {190--201},
	Title = {{OceanStore}: An Architecture for Global-Scale Persistent Storage},
	Volume = {35},
	Year = {2000}}

@article{DH99,
	Author = {M. J. Demmer and M. P. Herlihy},
	Journal = {Lecture Notes in Computer Science},
	Title = {The Arrow Distributed Directory Protocol},
	Volume = {1499},
	Year = {1998}}

@inproceedings{DBKK01,
	Author = {F. Dabek and E. Brunskill and M. F. Kaashoek and D. Karger and R. Morris and I. Stoica and H. Balakrishnan},
	Booktitle = {{8th IEEE Workshop on Hot Topics in Operating Systems}},
	Title = {Building Peer-to-Peer Systems With Chord, a Distributed Lookup Service},
	Year = {2001}}

@manual{CSIM18,
	Address = {Mesquite Software, Inc. 3925 W. Braker Lane, Austin, TX 78755-0306},
	Key = {CSIM18},
	Title = {CSIM 18 simulation engine (C++ version).}}

@inproceedings{Abe01,
	Author = {K. Aberer},
	Booktitle = {9th International Conference on Cooperative Information Systems},
	Publisher = {Springer},
	Series = {Lecture Notes in Computer Science},
	Title = {P-Grid: A Self-Organizing Access Structure for P2P Information Systems},
	Volume = {2172},
	Year = {2001}}

@article{HA99,
	Author = {B. A. Huberman and L. A. Adamic},
	Journal = {Nature},
	Number = {6749},
	Title = {Growth dynamics of the {World-Wide Web}},
	Volume = {401},
	Year = {1999}}

@article{FFF99,
	Author = {M. Faloutsos and P. Faloutsos and C. Faloutsos},
	Journal = {Computer Communication Review},
	Number = {4},
	Title = {On Power-Law Relationships of the Internet Topology},
	Volume = {29},
	Year = {1999}}

@book{p2p01,
	Publisher = {O'Reilly \& Associates, Inc.},
	Title = {Peer-to-peer: Harnessing the Benefits of a Disruptive Technology},
	Year = {2001}}

@book{AL98,
	Author = {P. Albitz and C. Liu},
	Edition = {3rd},
	Publisher = {O'Reilly \& Associates},
	Title = {DNS and BIND},
	Year = {1998}}

@book{Siv96,
	Author = {D. S. Sivia},
	Publisher = {Oxford Science Publications},
	Title = {Data Analysis: A Bayesian Tutorial},
	Year = {1996}}

@article{BHOZ+99,
	Author = {K. Birman and M. Hayden and O. Ozkasap and Z. Xiao and M. Budiu and Y. Minsky},
	Journal = {ACM Transactions on Computer Systems},
	Number = {2},
	Pages = {41--88},
	Title = {Bimodal Multicast},
	Volume = {17},
	Year = {1999}}

@inproceedings{CGC01,
	Author = {I. Gupta and T. D. Chandra and G. S. Goldszmidt},
	Booktitle = {Proceedings of the 20th ACM Symposium on Principles of Distributed Computing (PODC'2001)},
	Title = {On Scalable and Efficient Distributed Failure Detectors},
	Year = {2001}}

@inproceedings{GRB01,
	Author = {I. Gupta, R. van Renesse, K. P. Birman},
	Booktitle = {Proceedings of the International Conference on Dependable Systems and Networks (DSN'2001)},
	Title = {Scalable Fault-tolerant Aggregation in Large Process Groups},
	Year = {2001}}

@inproceedings{ADGF+00,
	Author = {M. K. Aguilera and C. Delporte-Gallet and H. Fauconnier and S. Toueg},
	Booktitle = {Proceedings of the 14th International Symposium on Distributed Computing (DISC'2000)},
	Title = {Thrifty Generic Broadcast},
	Year = {2000}}

@inproceedings{JSM97,
	Address = {Baltimore (USA)},
	Author = {P. A. Jensen and N. R. Soparkar and A. G. Mathur},
	Booktitle = {Proceedings of the 17th International Conference on Distributed Computing Systems (ICDCS'97)},
	Title = {Characterizing Multicast Orderings using Concurrency Control Theory},
	Year = {1997}}

@phdthesis{Ped99,
	Address = {Switzerland},
	Author = {F. Pedone},
	Keywords = {FT_principles; FT_architecture; Dragon},
	Note = {Number 2090},
	School = {\'{E}cole Polytechnique F\'{e}d\'{e}rale de Lausanne},
	Title = {The Database State Machine and Group Communication Issues},
	Year = {1999}}

@inproceedings{AAES97,
	Address = {Passau (Germany)},
	Author = {D. Agrawal and G. Alonso and A. El Abbadi and I. Stanoi},
	Booktitle = {Proceedings of EuroPar ({EuroPar}'97)},
	Title = {Exploiting Atomic Broadcast in Replicated Databases},
	Year = {1997}}

@inproceedings{AAS97,
	Address = {Tucson (USA)},
	Author = {D. Agrawal and A. El Abbadi and R. Steinke},
	Booktitle = {Proceedings of the 16th {ACM} {SIGACT}-{SIGMOD}-{SIGART} Symposium on Principles of Database Systems},
	Title = {Epidemic Algorithms in Replicated Databases},
	Year = {1997}}

@article{ACL87,
	Author = {R. Agrawal and M. Carey and M. Livny},
	Journal = {ACM Transactions on Database Systems},
	Number = {4},
	Pages = {609--654},
	Publisher = {acm},
	Title = {Concurrency Control Performance Modelling: Alternatives and Implications},
	Volume = {12},
	Year = {1987}}

@inproceedings{ACT97,
	Address = {Saarbr\"ucken (Germany)},
	Author = {M. K. Aguilera and W. Chen and S. Toueg},
	Booktitle = {Proceedings of the International Workshop on Distributed Algorithms (WDAG'97)},
	Pages = {126--140},
	Title = {Heartbeat: {A} Timeout-Free Failure Detector for Quiescent Reliable Communication},
	Year = {1997}}

@inproceedings{ACT98,
	Author = {M. K. Aguilera and W. Chen and S. Toueg},
	Booktitle = {Proceedings of the International Symposium on Distributed Computing (DISC'98)},
	Pages = {231--245},
	Title = {Failure Detection and Consensus in the Crash-Recovery Model},
	Year = {1998}}

@techreport{ADMM94,
	Author = {Y. Amir and D. Dolev and P. M. Melliar-Smith and L. E. Moser},
	Institution = {Hebrew University of Jerusalem},
	Number = {CS94-20},
	Title = {Robust and Efficient Replication Using Group Communication},
	Year = {1994}}

@techreport{AM92,
	Author = {E. Anceaume and P. Minet},
	Institution = {Inria, Institut National de Recherche en Informatique et en Automatique},
	Number = {RR-1774},
	Title = {Etude de protocoles de diffusion atomique},
	Type = {Technical Report},
	Year = {1992}}

@inproceedings{AMMAC93,
	Address = {Pittsburgh (USA)},
	Author = {Y. Amir and L. E. Moser and P. M. Melliar-Smith and P. A. Agarwal and P. Ciarfella},
	Booktitle = {Proceedings of the 13th International Conference on Distributed Computing Systems},
	Pages = {551--560},
	Title = {Fast Message Ordering and Membership Using a Logical Token-Passing Ring},
	Year = {1993}}

@article{BBG+95,
	Author = {H. Berenson and P. Bernstein and J. Gray and J. Melton and E. O'Neil and P. O'Neil},
	Journal = {SIGMOD Record (ACM Special Interest Group on Management of Data)},
	Number = {2},
	Pages = {1--10},
	Title = {A critique of {ANSI} {SQL} isolation levels},
	Volume = {24},
	Year = {1995}}

@techreport{BCT96,
	Author = {A. Basu and B. Charron-Bost and S. Toueg},
	Institution = {Cornell University},
	Number = {TR96-1609},
	Title = {Solving Problems in the Presence of Process Crashes and Lossy Links},
	Type = {Technical Report},
	Year = {1996}}

@book{BHG87,
	Author = {P. Bernstein and V. Hadzilacos and N. Goodman},
	Publisher = {Addison-Wesley},
	Title = {Concurrency Control and Recovery in Database Systems},
	Year = {1987}}

@inproceedings{BJ87,
	Author = {K. P. Birman and T. A. Joseph},
	Booktitle = {Proceedings of the 11th ACM Symposium on OS Principles},
	Pages = {123--138},
	Title = {Exploiting virtual synchrony in distributed systems},
	Year = {1987}}

@inproceedings{BK97,
	Address = {New York (USA)},
	Author = {Y. Breitbart and H. F. Korth},
	Booktitle = {Proceedings of the Sixteenth {ACM} {SIG-SIGMOD-SIGART} Symposium on Principles of Database Systems},
	Pages = {173--184},
	Title = {Replication and consistency: being lazy helps sometimes},
	Year = {1997}}

@incollection{BM93,
	Author = {O. Babaoglu and K. Marzullo},
	Booktitle = {Distributed Systems},
	Pages = {55--96},
	Publisher = {Addison-Wesley},
	Title = {Consistent Global States of Distributed Systems: Fundamental Concepts and Mechanisms},
	Year = {1993}}

@book{BR94,
	Author = {K. P. Birman and R. van Renesse},
	Publisher = {IEEE Press},
	Title = {Reliable Distributed Computing with the {I}SIS Toolkit},
	Year = {1994}}

@article{Ber85,
	Author = {Arthur J. Bernstein},
	Journal = {IEEE Transactions on Software Engineering},
	Number = {5},
	Pages = {446--454},
	Title = {A Loosely Coupled Distributed System for Reliably Storing Data},
	Volume = {11},
	Year = {1985}}

@article{Bha99,
	Author = {B. K. Bhargava},
	Journal = {IEEE Transactions on Knowledge and Data Engineering},
	Number = {1},
	Pages = {3--16},
	Title = {Concurrency Control in Database Systems},
	Volume = {11},
	Year = {1999}}

@article{CHT96,
	Area = {Distributed Computing},
	Author = {T. D. Chandra and V. Hadzilacos and S. Toueg},
	Journal = {Journal of the ACM},
	Number = {4},
	Pages = {685--722},
	Title = {The Weakest Failure Detector for Solving Consensus},
	Volume = {43},
	Year = {1996}}

@inproceedings{CHTC96,
	Address = {New York (USA)},
	Author = {T. D. Chandra and V. Hadzilacos and S. Toueg and B. Charron-Bost},
	Booktitle = {Proceedings of the 15th Annual {ACM} Symposium on Principles of Distributed Computing ({PODC} '96)},
	Pages = {322--330},
	Title = {On the Impossibility of Group Membership},
	Year = {1996}}

@article{CL85,
	Author = {K. M. Chandy and L. Lamport},
	Journal = {ACM Transactions on Computer Systems},
	Number = {1},
	Pages = {63--75},
	Title = {Distributed Snapshots: Determining Global States of Distributed Systems},
	Volume = {3},
	Year = {1985}}

@inproceedings{CS93,
	Address = {Asheville (USA)},
	Author = {D. Cheriton and D. Skeen},
	Booktitle = {{Proceedings of the 14th ACM Symposium on Operating Systems Principles}},
	Title = {{Understanding the limitations of causally and totally ordered communication}},
	Year = {1993}}

@article{Cri91,
	Author = {F. Cristian},
	Journal = {Communications of the ACM},
	Number = {2},
	Pages = {56--78},
	Publisher = {ACM},
	Title = {Understanding Fault-Tolerant Distributed {S}ystems},
	Volume = {34},
	Year = {1991}}

@inproceedings{DGH+87,
	Address = {Vancouver (Canada)},
	Author = {A. Demers and D. Greene and C. Hauser and W. Irish and J. Larson and S. Shenker and H. Sturgis and D. Swinehart and D. Terry},
	Booktitle = {Proceedings of the 6th Annual {ACM} Symposium on Principles of Distributed Computing},
	Pages = {1--12},
	Title = {Epidemic Algorithms for Replicated Database Maintenance},
	Year = {1987}}

@techreport{Del95,
	Author = {D. J. Delmolino},
	Institution = {Oracle Corporation},
	Title = {Strategies and Techniques for Using {O}racle~7 Replication},
	Year = {1995}}

@article{FLP85,
	Author = {M. J. Fischer and N.~A. Lynch and M.~S. Paterson},
	Journal = {Journal of the ACM},
	Number = {2},
	Pages = {374--382},
	Title = {Impossibility of distributed consensus with one faulty processor},
	Volume = {32},
	Year = {1985}}

@inbook{GLPT94,
	Author = {J. N. Gray and R. Lorie and G. Putzolu and I. Traiger},
	Chapter = {Granularity of Locks and Degrees of Consistency in a Shared Database},
	Editor = {Michael Stonebraker},
	Publisher = {Morgan Kaufmann},
	Title = {Readings in Database Systems},
	Year = {1994}}

@conference{GHOS96,
	Address = {Montreal (Canada)},
	Author = {J. N. Gray and P. Helland and O'Neil, P. and D. Shasha},
	Booktitle = {Proceedings of the 1996 {ACM SIGMOD} International Conference on Management of Data},
	Title = {The Dangers of Replication and a Solution},
	Year = {1996}}

@inproceedings{GLS96,
	Address = {Hong Kong},
	Author = {R. Guerraoui and M. Larrea and A. Schiper},
	Booktitle = {Proceedings of the 16th International Conference on Distributed Computing Systems},
	Pages = {692--697},
	Title = {Reducing the Cost for Non-Blocking in Atomic Commitment},
	Year = {1996}}

@inproceedings{GOS96,
	Address = {Taormina (Italy)},
	Author = {R. Guerraoui and R. Oliveira and A. Schiper},
	Booktitle = {Proceedings of the European Dependable Computing Conference},
	Title = {Atomic Updates of Replicated Data},
	Year = {1996}}

@article{GMS92,
	Author = {H. Garcia-Molina and K. Salem},
	Journal = {IEEE Transactions on Knowledge and Data Engineering},
	Number = {6},
	Pages = {509--516},
	Publisher = {ieee},
	Title = {Main Memory Database Systems: An Overview},
	Volume = {4},
	Year = {1992}}

@book{GR93,
	Author = {J. N. Gray and A. Reuter},
	Publisher = {Morgan Kaufmann},
	Title = {Transaction Processing: Concepts and Techniques},
	Year = {1993}}

@conference{GHR97,
	Address = {Tucson (USA)},
	Author = {R. Gupta and J. Haritsa and K. Ramamritham},
	Booktitle = {Proceedings of the 1997 {ACM SIGMOD} International Conference on Management of Data},
	Title = {Revisiting Commit Processing in Distributed Database Systems},
	Year = {1997}}

@article{GS91,
	Author = {H. Garcia-Molina and A. Spauster},
	Month = {August},
	Number = {3},
	Pages = {242-271},
	Title = {Ordered and Reliable Multicast Communication},
	Volume = {9},
	Year = {1991}}

@inproceedings{GS95,
	Address = {San Atonio (USA)},
	Author = {R. Guerraoui and A. Schiper},
	Booktitle = {{IEEE} International Symposium on Parallel and Distributed Processing},
	Title = {The Decentralized Non-Blocking Atomic Commitment Protocol},
	Year = {1995}}

@article{GS97,
	Author = {R. Guerraoui and A. Schiper},
	Journal = {IEEE Computer},
	Number = {4},
	Title = {Software Based Replication for Fault Tolerance},
	Volume = {30},
	Year = {1997}}

@inproceedings{Gif79,
	Address = {Pacific Grove (USA)},
	Author = {D. K. Gifford},
	Booktitle = {Proceedings of the 7th Symposium on Operating System Principles {SOSP 7}},
	Pages = {150--162},
	Title = {Weighted Voting for Replicated Data},
	Year = {1979}}

@article{Gol95,
	Author = {R. Goldring},
	Journal = {Info DB},
	Number = {2},
	Title = {Update Replication: What Every Designer Should Know},
	Volume = {9},
	Year = {1995}}

@incollection{Gra78,
	Author = {J. N. Gray},
	Booktitle = {Springer Verlag (Heidelberg, FRG and NewYork NY, USA) LNCS, 'Operating Systems, an Advanced Course', Bayer,Graham, Seegmuller(eds)},
	Title = {Notes on Data Base Operating Systems},
	Volume = {60},
	Year = {1978}}

@inproceedings{Gue95,
	Address = {Le Mont Saint Michel (France)},
	Author = {R. Guerraoui},
	Booktitle = {Proceedings of the International Workshop on Distributed Algorithms (WDAG'95)},
	Pages = {87--100},
	Title = {Revisiting the Relationship Between Non-Blocking Atomic Commitment and Consensus},
	Year = {1995}}

@techreport{HMR97,
	Address = {Universit\'e de Rennes},
	Author = {M. Hurfin and A. Mostefaoui and M. Raynal},
	Institution = {Institut de Recherche en Informatique et Syst\`eme Al\'eatoires},
	Title = {Consensus in Asynchronous Systems Where Processes Can Crash and Recover},
	Year = {1997}}

@incollection{HT93,
	Author = {V. Hadzilacos and S. Toueg},
	Booktitle = {Distributed Systems},
	Chapter = {5},
	Edition = {2nd},
	Publisher = {Addison-Wesley},
	Title = {Fault-Tolerant Broadcasts and Related Problems},
	Year = {1993}}

@article{Had88,
	Author = {V. Hadzilacos},
	Journal = {Journal of the ACM},
	Number = {1},
	Pages = {121--145},
	Title = {A Theory of Reliability in Database Systems},
	Volume = {35},
	Year = {1988}}

@article{Her86,
	Author = {M. Herlihy},
	Number = {1},
	Pages = {32-53},
	Title = {A Quorum-Consensus Replication Method for Abstract Data Types},
	Volume = {4},
	Year = {1986}}

@inproceedings{JM87,
	Author = {S. Jajodia and D. Mutchler},
	Booktitle = {Proceedings of the ACM SIGMOD International Conference on Management of Data},
	Month = {May},
	Pages = {227-238},
	Title = {Dynamic Voting},
	Year = {1987}}

@inproceedings{JMR97,
	Author = {H. V. Jagadish and I. S. Mumick and M. Rabinovich},
	Booktitle = {Proceedings of the 13th IEEE International Conference on Data Engineering},
	Pages = {520--531},
	Title = {Scalable Versioning in Distributed Databases with Commuting Updates},
	Year = {1997}}

@techreport{Jac95,
	Author = {K. Jacobs},
	Institution = {Oracle Corporation},
	Title = {Concurrency Control, Transaction Isolation and Serializability in {SQL92} and {O}racle 7},
	Year = {1995}}

@book{Jai91,
	Address = {New York},
	Author = {R. Jain},
	Publisher = {John Wiley and Sons, Inc.},
	Title = {The art of computer systems performance analysis : techniques for experimental design, measurement, simulation, and modeling},
	Year = {1991}}

@article{Jaj99,
	Author = {S. Jajodia},
	Journal = {{IEEE} Concurrency},
	Month = {--},
	Pages = {85--86},
	Title = {Data Replication Gaining Popularity},
	Year = {1999}}

@inproceedings{Jal98,
	Address = {Amsterdam (The Netherlands)},
	Author = {P. Jalote},
	Booktitle = {Proceeding of the 18th International Conference on Distributed Computing Systems},
	Pages = {112-119},
	Title = {Efficient Ordered Broadcasting in Reliable CSMA/CD Networks},
	Year = {1998}}

@article{Jef85,
	Author = {D. R. Jefferson},
	Journal = {ACM Transactions on Programming Languages and Systems},
	Number = {3},
	Pages = {404--425},
	Title = {Virtual Time},
	Volume = {7},
	Year = {1985}}

@inproceedings{Wester:2009,
 author = {Wester, Benjamin and Cowling, James and Nightingale, Edmund B. and Chen, Peter M. and Flinn, Jason and Liskov, Barbara},
 title = {Tolerating latency in replicated state machines through client speculation},
 booktitle = {Proceedings of the 6th USENIX symposium on Networked systems design and implementation},
 year = {2009},
 location = {Boston, Massachusetts},
 pages = {245--260}
} 

@techreport{KA98,
	Author = {B. Kemme, G. Alonso},
	Institution = {ETH Zurich, Department of Computer Science},
	Number = {289},
	Title = {Database Replication based on Group Communication},
	Year = {1998}}

@inproceedings{KPAS99,
	Address = {Austin (USA)},
	Author = {B. Kemme and F. Pedone and G. Alonso and A. Schiper},
	Booktitle = {Proceedings of the 19th International Conference on Distributed Computing Systems (ICDCS'99)},
	Title = {Processing Transactions over Optimistic Atomic Broadcast Protocols},
	Year = {1999}}

@article{KR81,
	Author = {H. T. Kung and J. T. Robinson},
	Journal = {ACM Transactions on Database Systems},
	Number = {2},
	Pages = {213--226},
	Title = {On Optimistic Methods for Concurrency Control},
	Volume = {6},
	Year = {1981}}

@mastersthesis{Kei94,
	Address = {Jerusalem (Israel)},
	Author = {I. Keidar},
	School = {Institute of Computer Science, The Hebrew University of Jerusalem},
	Title = {A Highly Available Paradigm for Consistent Object Replication},
	Year = {1994}}

@inproceedings{LAE94,
	Address = {Los Alamitos (USA)},
	Author = {M. L. Liu and D. Agrawal and A. El Abbadi},
	Booktitle = {Proceedings of the 24th Annual International Symposium on Fault-Tolerant Computing},
	Isbn = {0-8186-3680-7},
	Pages = {234--243},
	Title = {The Performance of Two-Phase Commit Protocols in the Presence of Site Failures},
	Year = {1994}}

@article{LG90,
	Author = {S. W. Luan and V. D. Gligor},
	Journal = {IEEE Transactions on Parallel and Distributed Systems},
	Month = {July},
	Number = {3},
	Pages = {271-285},
	Title = {A Fault-Tolerant Protocol for Atomic Broadcast},
	Volume = {1},
	Year = {1990}}

@inbook{LL90,
	Author = {L. Lamport and N. Lynch},
	Booktitle = {Handbook of Theoretical Computer Science},
	Editor = {J. van Leeuwen},
	Keywords = {Distributed System Modells},
	Pages = {1156--1199},
	Publisher = {Elsevier Science Publishers},
	Title = {Distributed Computing: Models and Methods},
	Year = {1990}}

@article{LLG92,
	Author = {R. Ladin, B. Liskov, S. Ghemawat},
	Number = {4},
	Pages = {360--391},
	Title = {Providing High Availability Using Lazy Replication},
	Volume = {10},
	Year = {1992}}

@article{LSP82,
	Author = {L. Lamport and R. Shostak and M. Pease},
	Journal = {ACM Transactions on Programming Languages and Systems},
	Number = {3},
	Pages = {382--401},
	Title = {The {Byzantine} Generals Problem},
	Volume = {4},
	Year = {1982}}

@article{Lam78,
	Author = {L. Lamport},
	Journal = {Communications of the ACM},
	Number = {7},
	Pages = {558--565},
	Title = {Time, Clocks, and the Ordering of Events in a Distributed System},
	Volume = {21},
	Year = {1978}}

@article{MD94,
	Author = {C. Mohan and D. Dievendorff},
	Journal = {Data Engineering Bulletin},
	Month = {march},
	Number = {1},
	Title = {Recent Work on Distributed Commit Protocols, and Recoverable Messaging and Queuing},
	Volume = {17},
	Year = {1994}}

@inproceedings{MR99,
	Author = {A. Mostefaoui and M. Raynal},
	Booktitle = {Proceeding of the International Symposium on Distributed Computing (DISC'99)},
	Pages = {49--63},
	Title = {Solving Consensus Using {C}handra-{T}oueg's Unreliable Failure Detectors: a General Quorum-Based Approach},
	Year = {1999}}

@phdthesis{Mal96,
	Address = {Switzerland},
	Author = {C. P. Malloth},
	School = {\'Ecole Polytechnique F\'ed\'erale de Lausanne},
	Title = {Conception and Implementation of a Toolkit for Building Fault-Tolerant Distributed Applications in Large Scale Networks},
	Year = {1996}}

@techreport{OGS97,
	Author = {R. Oliveira and R. Guerraoui and A. Schiper},
	Institution = {EPFL, Computer Science Department},
	Month = {August},
	Number = {TR-97/239},
	Title = {Consensus in the Crash-Recover Model},
	Year = {1997}}

@techreport{OMG98,
	Address = {Framingham Corporate Center, Framingham (USA)},
	Author = {Object Management Group},
	Institution = {Object Management Group},
	Title = {Fault Tolerant {CORBA} using entity redundancy},
	Type = {Request for Proposal},
	Year = {1998}}

@book{OT99,
	Author = {M. T. \"{O}zsu and P. Valduriez},
	Edition = {2nd},
	Publisher = {Prentice Hall},
	Title = {Principles of Distributed Database Systems},
	Year = {1999}}

@manual{Ora95,
	Organization = {Oracle Corporation},
	Title = {Oracle 7 Distributed Database Technology and Symmetric Replication},
	Year = {1995}}

@inproceedings{PG97,
	Address = {Taipei (Taiwan)},
	Author = {F. Pedone and R. Guerraoui},
	Booktitle = {Proceedings of the IEEE Pacific Rime International Symposium on Fault-Tolerant Systems ({PRFTS}'97)},
	Title = {On Transaction Liveness in Replicated Databases},
	Year = {1997}}

@inproceedings{PGS97,
	Address = {Durham (USA)},
	Author = {F. Pedone and R. Guerraoui and A. Schiper},
	Booktitle = {Proceedings of the 16th IEEE Symposium on Reliable Distributed Systems},
	Title = {Transaction Reordering in Replicated Databases},
	Year = {1997}}

@inproceedings{PGS98,
	Address = {Southampton (England)},
	Author = {F. Pedone and R. Guerraoui and A. Schiper},
	Booktitle = {Proceedings of EuroPar ({EuroPar}'98)},
	Title = {Exploiting Atomic Broadcast in Replicated Databases},
	Year = {1998}}

@techreport{PGS99,
	Address = {Switzerland},
	Author = {F. Pedone and R. Guerraoui and A. Schiper},
	Institution = {\'{E}cole Polytechnique F\'{e}d\'{e}rale de Lausanne},
	Number = {SSC/1999/008},
	Title = {The Database State Machine Approach},
	Year = {1999}}

@inproceedings{PS98,
	Author = {F. Pedone and A. Schiper},
	Booktitle = {Proceedings of the 12th International Symposium on Distributed Computing (DISC'98, formerly WDAG)},
	Title = {Optimistic Atomic Broadcast},
	Year = {1998}}

@inproceedings{PS99,
	Author = {F. Pedone and A. Schiper},
	Booktitle = {Proceedings of the 13th International Symposium on Distributed Computing (DISC'99, formerly WDAG)},
	Title = {Generic Broadcast},
	Year = {1999}}

@techreport{PS99b,
	Address = {Switzerland},
	Author = {F. Pedone and A. Schiper},
	Institution = {\'{E}cole Polytechnique F\'{e}d\'{e}rale de Lausanne},
	Number = {SSC/1999/015},
	Title = {Optimistic Atomic Broadcast: A Pragmatic Viewpoint},
	Year = {1999}}

@article{Pap79,
	Author = {C. H. Papadimitriou},
	Journal = {Journal of the ACM},
	Number = {4},
	Pages = {631--653},
	Title = {The Serializability of Concurrent Database Updates},
	Volume = {26},
	Year = {1979}}

@book{Pap86,
	Author = {C. Papadimitriou},
	Publisher = {Computer Science Press},
	Title = {The Theory of Database Concurrency Control},
	Year = {1986}}

@inproceedings{Ped97,
	Address = {Zinal (Switzerland)},
	Author = {F. Pedone},
	Booktitle = {Proceedings of the 2nd European Research Seminar on Advances in Distributed Systems ({ERSADS}'97)},
	Title = {A Closer Look at Optimistic Replica Control},
	Year = {1997}}

@manual{Poet97,
	Organization = {Object Database Management Group},
	Title = {POET Java SDK Programmer's Guide},
	Year = {1997}}

@article{RBM96,
	Author = {R. {van Renesse} and K. P. Birman and S. Maffeis},
	Journal = {Communications of the ACM},
	Number = {4},
	Pages = {76--83},
	Title = {Horus: A Flexible Group Communication System},
	Volume = {39},
	Year = {1996}}

@article{RSL78,
	Author = {D. J. Rosenkrantz and R. E. Stearns and P. M. {Lewis, II}},
	Journal = {ACM Transactions on Database Systems},
	Number = {2},
	Pages = {178--198},
	Title = {System Level Concurrency Control for Distributed Database Systems},
	Volume = {3},
	Year = {1978}}

@article{SA93,
	Author = {O. T. Satyanarayanan and D. Agrawal},
	Journal = {IEEE Transactions on Knowledge and Data Engineering},
	Number = {5},
	Pages = {859--871},
	Title = {Efficient Execution of Read-Only Transactions in Replicated Multiversion Databases},
	Volume = {5},
	Year = {1993}}

@article{SR96,
	Author = {A. Schiper and M. Raynal},
	Journal = {Communications of the ACM},
	Number = {4},
	Pages = {84-87},
	Title = {From Group Communication to Transaction in Distributed Systems},
	Volume = {39},
	Year = {1996}}

@article{Sch90,
	Author = {F. B. Schneider},
	Journal = {ACM Computing Surveys},
	Number = {4},
	Pages = {299--319},
	Title = {Implementing Fault-Tolerant Services Using the State Machine Approach: {A} Tutorial},
	Volume = {22},
	Year = {1990}}

@incollection{Sch93,
	Author = {F. B. Schneider},
	Booktitle = {Distributed Systems},
	Chapter = {2},
	Edition = {2nd},
	Editor = {Sape Mullender},
	Publisher = {Addison-Wesley},
	Title = {What Good are Models and What Models are Good?},
	Year = {1993}}

@article{Sch97,
	Author = {A. Schiper},
	Journal = {Distributed Computing},
	Number = {3},
	Pages = {149--157},
	Title = {Early Consensus in an Asynchronous System with a Weak Failure Detector},
	Volume = {10},
	Year = {1997}}

@inproceedings{Ske81,
	Address = {Ann Arbor (USA)},
	Author = {D. Skeen},
	Booktitle = {Proceedings of the 1981 {ACM} {SIGMOD} International Conference on Management of Data},
	Pages = {133--142},
	Title = {Nonblocking Commit Protocols},
	Year = {1981}}

@article{Sta95,
	Author = {D. Stacey},
	Journal = {SIGMOD Record},
	Number = {5},
	Pages = {95--101},
	Title = {{Replication: DB2, Oracle, or Sybase?}},
	Volume = {24},
	Year = {1995}}

@article{Sto79,
	Author = {M. Stonebraker},
	Journal = {IEEE Transactions on Software Engineering},
	Pages = {188--194},
	Title = {Concurrency Control and Consistency of Multiple Copies of Data in Distributed {I}ngres},
	Volume = {SE-5},
	Year = {1979}}

@manual{Syb99,
	Organization = {Sybase},
	Title = {Sybase SQL Anywhere and Replication Server: the enterprise-wide replication solution},
	Year = {1999}}

@inproceedings{TTP+95,
	Address = {Copper Mountain Resort (USA)},
	Author = {D. Terry and M. Theimer and K. Petersen and A. Demers and M. Spreitzer and C. H. Hauser},
	Booktitle = {Proceedings of the 15th ACM Symposium on Operating Systems Principles},
	Institution = {Xerox PARC},
	Title = {Managing Update Conflict in Bayou, a Weakly Connected Replicated Storage System},
	Year = {1995}}

@article{Tho79,
	Author = {R. H. Thomas},
	Journal = {{ACM} Trans. on Database Systems},
	Number = {2},
	Pages = {180-209},
	Title = {A Majority Consensus Approach to Concurrency Control for Multiple Copy Databases},
	Volume = {4},
	Year = {1979}}

@article{Tho98,
	Author = {A. Thomasian},
	Journal = {IEEE Transactions on Knowledge and Data Engineering},
	Number = {1},
	Pages = {173--189},
	Title = {Distributed Optimistic Concurrency Control Methods for High-Performance Transaction Processing},
	Volume = {10},
	Year = {1998}}

@inproceedings{WPS99,
	Address = {Madeira (Portugal)},
	Author = {M. Wiesmann and F. Pedone and A. Schiper},
	Booktitle = {Proceedings of the 3rd Europeean Research Seminar on Advances in Distributed Systems (ERSADS'99)},
	Organisation = {BROADCAST Esprit WG 22455},
	Title = {A Systematic Classification of Replicated Database Protocols based on Atomic Broadcast},
	Year = {1999}}

@inproceedings{WS95,
	Address = {Bad Neuenahr (Germany)},
	Author = {U. Wilhelm and A. Schiper},
	Booktitle = {Proceedings of the 14th IEEE Symposium on Reliable Distributed Systems (SRDS'14)},
	Pages = {106--115},
	Title = {A Hierarchy of Totally Ordered Multicasts},
	Year = {1995}}

@inproceedings{White+:osdi02,
	Address = {Boston, MA},
	Author = {Brian White and Jay Lepreau and Leigh Stoller and Robert Ricci and Shashi Guruprasad and Mac Newbold and Mike Hibler and Chad Barb and Abhijeet Joglekar},
	Booktitle = {Proc.\ of the Fifth Symposium on Operating Systems Design and Implementation},
	Organization = {{USENIX} {Association}},
	Pages = {255--270},
	Title = {An Integrated Experimental Environment for Distributed Systems and Networks},
	Year = {2002}}
	
@article{PNUTS,
 author = {Cooper, B. F. and Ramakrishnan, R. and Srivastava, U. and Silberstein, A. and Bohannon, P. and Jacobsen, H-A and Puz, N. and Weaver, D. and Yerneni, R.},
 title = {PNUTS: Yahoo!'s hosted data serving platform},
 journal = {Proc. VLDB Endow.},
 volume = {1},
 number = {2},
 year = {2008},
 issn = {2150-8097},
 pages = {1277--1288},
 publisher = {VLDB Endowment},
 }

@article{bigtable,
 author = {Chang, F. and Dean, J. and Ghemawat, S. and Hsieh, W. C. and Wallach, D. A. and Burrows, M. and Chandra, T. and Fikes, A. and Gruber, R. E.},
 title = {Bigtable: A Distributed Storage System for Structured Data},
 journal = {ACM Trans. Comput. Syst.},
 volume = {26},
 number = {2},
 year = {2008},
 issn = {0734-2071},
 pages = {1--26},
 publisher = {ACM},
 address = {New York, NY, USA},
 }
	
@book{replication2010pedone,
 editor = {Charron-Bost, Bernadette and Pedone, Fernando and Schiper, Andr{\'e}},
 title = {Replication: theory and Practice},
 year = {2010},
 isbn = {3-642-11293-5, 978-3-642-11293-5},
 publisher = {Springer-Verlag},
 address = {Berlin, Heidelberg},
} 

@inproceedings{ZOO2010,
 author = {Hunt, Patrick and Konar, Mahadev and Junqueira, Flavio P. and Reed, Benjamin},
 title = {ZooKeeper: wait-free coordination for internet-scale systems},
 booktitle = {Proceedings of the 2010 USENIX conference on USENIX annual technical conference},
 year = {2010}
} 

@INPROCEEDINGS{ZAB2011, 
author={Junqueira, F.P. and Reed, B.C. and Serafini, M.}, 
booktitle={Dependable Systems Networks (DSN), 2011 IEEE/IFIP 41st International Conference on}, 
title={Zab: High-performance broadcast for primary-backup systems}, 
year={2011}, 
pages={245-256}
}