%% This BibTeX bibliography file was created using BibDesk.
%% xhttp://bibdesk.sourceforge.net/

%% Created for Fernando Pedone at 2006-08-18 14:12:55 +0200 

BibTeX | EndNote | ACM Ref

@article{bezerra2014ssmr,
Author    = {Bezerra, Carlos Eduardo and Pedone, Fernando and van Renesse, Robbert},
Title     = {Scalable State-Machine Replication},
Journal   = {DSN},
pages     = {331-342},
Year      = {2014}
}
@article{CT96,
Author    = {T. D. Chandra and S. Toueg},
Title     = {Unreliable Failure Detectors for Reliable Distributed Systems},
Journal   = {Journal of the ACM},
Year      = {1996},
volume    = {43},
number    = {2},
pages     = {225--267}
}
@article{FLP85,
Author    = {M. J. Fischer and N.~A. Lynch and M.~S. Paterson},
Journal   = {Journal of the ACM},
Number    = {2},
Pages     = {374--382},
Title     = {Impossibility of distributed consensus with one faulty processor},
Volume    = {32},
Year      = {1985}
}
@article{Lam78,
Author    = {L. Lamport},
Journal   = {Communications of the ACM},
Number    = {7},
Pages     = {558--565},
Title     = {Time, Clocks, and the Ordering of Events in a Distributed System},
Volume    = {21},
Year      = {1978}
}
@article{Sch90,
Author    = {F. B. Schneider},
Journal   = {ACM Computing Surveys},
Number    = {4},
Pages     = {299--319},
Title     = {Implementing Fault-Tolerant Services Using the State Machine Approach: {A} Tutorial},
Volume    = {22},
Year      = {1990}
}
@Book{Attiya04,
author    ={"H. Attiya and J. Welch},
title     =	{Distributed Computing: Fundamentals, Simulations, and Advanced Topics},
publisher =	{Wiley-Interscience},
year      =  {2004},
ISBN      = 	{0471453242},
}
@article{BJ87b,
Author    = {Birman, Kenneth P. and Thomas A. Joseph},
Title     = {Reliable Communication in the Presence of Failures},
journal   = {ACM Transactions on Computer Systems (TOCS)},
month     = {feb},
Year      = {1987},
volume    = {5},
number    = {1},
pages     = {47--76}
}
@article{DSU04,
author    = {Xavier D{\'e}fago and Andr{\'e} Schiper and P{\'e}ter Urb{\'a}n},
title     = {Total order broadcast and multicast algorithms: Taxonomy and survey},
journal   = {ACM Comput. Surv.},
volume    = {36},
number    = {4},
year      = {2004},
pages     = {372-421},
}
@article{Moraru:2013gw,
author    = {Moraru, Iulian and Andersen, David G and Kaminsky, Michael},
title     = {{There is more consensus in Egalitarian parliaments}},
journal   = {SOSP},
year      = {2013},
pages     = {358--372}
}
@article{Mencius,
author    = {Mao, Yanhua and Junqueira, Flavio P. and Marzullo, Keith},
title     = {Mencius: building efficient replicated state machines for WANs},
journal   = {OSDI},
year      = {2008},
location  = {San Diego, California},
pages     = {369--384},
numpages  = {16}
} 
@article{Marandi:2012hb,
author    = {Marandi, Parisa Jalili and Primi, Marco and Pedone, Fernando},
title     = {{Multi-Ring Paxos}},
journal   = {DSN},
year      = {2012},
pages     = {1--12}
}
@article{Lamport:1998ea,
author    = {Lamport, Leslie},
title     = {{The Part-Time Parliament}},
journal   = {ACM Trans. Comput. Syst. ()},
year      = {1998},
volume    = {16},
number    = {2},
pages     = {133--169}
}
@article{Kapritsos:2012um,
author    = {Kapritsos, Manos and 0009, Yang Wang and Qu{\'e}ma, Vivien and Clement, Allen and Alvisi, Lorenzo and Dahlin, Mike},
title     = {{All about Eve: Execute-Verify Replication for Multi-Core Servers}},
journal   = {OSDI},
year      = {2012},
pages     = {237--250}
}
@article{Marandi:2014bj,
author    = {Marandi, Parisa Jalili and Bezerra, Carlos Eduardo Benevides and Pedone, Fernando},
title     = {{Rethinking State-Machine Replication for Parallelism}},
journal   = {ICDCS},
year      = {2014},
pages     = {368--377}
}
@article{Kotla:2004ep,
author    = {Kotla, Ramakrishna and Dahlin, Michael},
title     = {{High Throughput Byzantine Fault Tolerance}},
journal   = {DSN},
year      = {2004},
pages     = {575--584}
}

@article{Guo:2014jp,
author    = {Guo, Zhenyu and Hong, Chuntao and Yang, Mao and Zhou, Dong and Zhou, Lidong and Zhuang, Li},
title     = {{Rex: replication at the speed of multi-core}},
journal   = {EuroSys :1-11:14},
year      = {2014},
pages     = {11}
}
@article{Glendenning:2011kj,
author    = {Glendenning, Lisa and Beschastnikh, Ivan and Krishnamurthy, Arvind and Anderson, Thomas E},
title     = {{Scalable consistency in Scatter}},
journal   = {SOSP},
year      = {2011},
pages     = {15--28}
}
@article{Marandi:2011dj,
author    = {Marandi, Parisa Jalili and Primi, Marco and Pedone, Fernando},
title     = {{High performance state-machine replication}},
journal   = {DSN},
year      = {2011},
pages     = {454--465}
}

